% Encoding: UTF-8

@article{Rosenthal2010,
    author = {Rosenthal, David S. H.},
    title = {Keeping Bits Safe: How Hard Can It Be?},
    year = {2010},
    issue_date = {October 2010},
    publisher = {Association for Computing Machinery},
    address = {New York, NY, USA},
    volume = {8},
    number = {10},
    doi = {10.1145/1866296.1866298},
    journal = {Queue},
    month = oct,
    pages = {10–22},
    numpages = {13}
}

@article{Lakshmi2008,
    author = {Bairavasundaram, Lakshmi N. and Arpaci-Dusseau, Andrea C. and Arpaci-Dusseau, Remzi H. and Goodson, Garth R. and Schroeder, Bianca},
    title = {An Analysis of Data Corruption in the Storage Stack},
    year = {2008},
    issue_date = {November 2008},
    publisher = {Association for Computing Machinery},
    address = {New York, NY, USA},
    volume = {4},
    number = {3},
    doi = {10.1145/1416944.1416947},
    journal = {ACM Trans. Storage},
    month = nov,
    articleno = {Article 8},
    numpages = {28},
    keywords = {disk drive reliability, Data corruption}
}
  
@inproceedings{Storer2006,
    author = {Storer, Mark W. and Greenan, Kevin and Miller, Ethan L.},
    title = {Long-Term Threats to Secure Archives},
    year = {2006},
    isbn = {1595935525},
    publisher = {Association for Computing Machinery},
    address = {New York, NY, USA},
    doi = {10.1145/1179559.1179562},
    booktitle = {Proceedings of the Second ACM Workshop on Storage Security and Survivability},
    pages = {9–16},
    numpages = {8},
    keywords = {cryptography, threat modeling, encryption, secret splitting, archival storage, survivable storage, secure storage},
    location = {Alexandria, Virginia, USA},
    series = {StorageSS ’06}
}

@online{Factor2009,
    title={Authenticity and Provenance in Long Term Digital Preservation: Modeling and Implementation in Preservation Aware Storage},
    author={Factor, Michael and Henis, Ealan and Naor, Dalit and Rabinovici-Cohen, Simona and Reshef, Petra and Ronen, Shahar and Michetti, Giovanni and Guercio, Maria},
    booktitle={Workshop on the Theory and Practice of Provenance},
    year={2009},
    url={https://static.usenix.org/events/tapp09/tech/full_papers/factor/factor.pdf},
    urldate = {2020-04-17}
}

@inproceedings{Strodl2007,
    author = {Strodl, Stephan and Becker, Christoph and Neumayer, Robert and Rauber, Andreas},
    title = {How to Choose a Digital Preservation Strategy: Evaluating a Preservation Planning Procedure},
    year = {2007},
    isbn = {9781595936448},
    publisher = {Association for Computing Machinery},
    address = {New York, NY, USA},
    doi = {10.1145/1255175.1255181},
    booktitle = {Proceedings of the 7th ACM/IEEE-CS Joint Conference on Digital Libraries},
    pages = {29–38},
    numpages = {10},
    keywords = {OAIS model, utility analysis, preservation planning, evaluation, digital preservation, digital libraries},
    location = {Vancouver, BC, Canada},
    series = {JCDL ’07}
}
  
@inproceedings{Memishi2019,
    author = {Memishi, Bunjamin and Appuswamy, Raja and Paradies, Marcus},
    title = {Cold Storage Data Archives: More Than Just a Bunch of Tapes},
    year = {2019},
    isbn = {9781450368018},
    publisher = {Association for Computing Machinery},
    address = {New York, NY, USA},
    doi = {10.1145/3329785.3329921},
    booktitle = {Proceedings of the 15th International Workshop on Data Management on New Hardware},
    articleno = {Article 1},
    numpages = {7},
    location = {Amsterdam, Netherlands},
    series = {DaMoN’19}
}

@online{AO147,
    title = {Abgabenordnung (AO) § 147 Ordnungsvorschriften für die Aufbewahrung von Unterlagen},
    url={https://www.gesetze-im-internet.de/ao_1977/__147.html},
    urldate = {2020-04-28}
}

@online{BGB852,
    title = {Bürgerliches Gesetzbuch (BGB) § 852 Herausgabeanspruch nach Eintritt der Verjährung},
    url={https://www.gesetze-im-internet.de/bgb/__852.html},
    urldate = {2020-04-28}
}

@online{Berger2005,
    title = {Eine vergleichende Untersuchung von Erschließungssoftware unter archivfachlichen und softwareergonomischen Gesichtspunkten},
    author = {Andreas Berger},
    year = {2005},
    url={https://www.lwl.org/waa-download/pdf/Transferarbeit_Berger.pdf},
    urldate = {2020-04-28}
}

@online{AboutIA,
    author = {Internet Archive},
    title = {About the Internet Archive},
    url={https://archive.org/about/},
    urldate = {2020-04-28}
}

@online{BibAlexIAMirror,
    author = {Bibliotheca Alexandrina},
    title = {Internet Archive},
    url={https://www.bibalex.org/en/project/details?documentid=283&keywords=internet%20archive},
    urldate = {2020-04-28}
}

@online{Ball2006,
    title={Briefing Paper: the OAIS Reference Model},
    author={Alex Ball},
    year={2006},
    url={http://www.ukoln.ac.uk/projects/grand-challenge/papers/oaisBriefing.pdf},
    urldate = {2020-04-29}
}

@Comment{jabref-meta: databaseType:biblatex;}
